 @BOOK{Author2010,
          author = {Author, This},
           pages = {301},
       publisher = {Springer},
           title = {{Book}},
            year = {2010}
       }